<?xml version="1.0" encoding="UTF-8"?>
<collection xmlns:xsi="http://www.w3.org/2001/XMLSchema-instance" xsi:schemaLocation="http://www.loc.gov/MARC21/slim http://www.loc.gov/standards/marcxml/schema/MARC21slim.xsd" xmlns="http://www.loc.gov/MARC21/slim">
<record>
  <leader>01070cam a2200265I  4500</leader>
  <controlfield tag="001">5362606</controlfield>
  <controlfield tag="003">NNC</controlfield>
  <controlfield tag="005">20141216090104.0</controlfield>
  <controlfield tag="008">790921m19341936mr            000 0 ara  </controlfield>
  <datafield tag="010" ind1=" " ind2=" ">
    <subfield code="a">   58042957 </subfield>
  </datafield>
  <datafield tag="035" ind1=" " ind2=" ">
    <subfield code="a">(OCoLC)ocm05396952</subfield>
  </datafield>
  <datafield tag="035" ind1=" " ind2=" ">
    <subfield code="a">(NNC)5362606</subfield>
  </datafield>
  <datafield tag="040" ind1=" " ind2=" ">
    <subfield code="a">DLC</subfield>
    <subfield code="c">ZYU</subfield>
    <subfield code="d">OCL</subfield>
    <subfield code="d">OCLCQ</subfield>
    <subfield code="d">ZCU</subfield>
  </datafield>
  <datafield tag="050" ind1="0" ind2=" ">
    <subfield code="a">DS37.3</subfield>
    <subfield code="b">.I2</subfield>
  </datafield>
  <datafield tag="099" ind1=" " ind2=" ">
    <subfield code="a">893.78</subfield>
    <subfield code="a">R112 v.4</subfield>
  </datafield>
  <datafield tag="100" ind1="1" ind2=" ">
    <subfield code="a">Ibn al-Qāḍī, Aḥmad ibn Muḥammad,</subfield>
    <subfield code="d">1552 or 1553-1616.</subfield>
  </datafield>
  <datafield tag="245" ind1="1" ind2="0">
    <subfield code="a">Durrat al-hijal, répertoire biographique d'Ahmad ibn al-Qadi.</subfield>
    <subfield code="c">Texte Arabe, publié par la première fois, avec une introd. et trois index par I.S. Allouche.</subfield>
  </datafield>
  <datafield tag="260" ind1=" " ind2=" ">
    <subfield code="a">Rabat,</subfield>
    <subfield code="b">F. Moncho,</subfield>
    <subfield code="c">1934-36.</subfield>
  </datafield>
  <datafield tag="300" ind1=" " ind2=" ">
    <subfield code="a">2 v. (iv p.; 618 p.)</subfield>
    <subfield code="c">26 cm.</subfield>
  </datafield>
  <datafield tag="490" ind1="1" ind2=" ">
    <subfield code="a">Collection de textes arabes publiée par l'Institut des hautes-étiudes marocaines,</subfield>
    <subfield code="v">v. 4-5</subfield>
  </datafield>
  <datafield tag="500" ind1=" " ind2=" ">
    <subfield code="a">Added t.p. and text in Arabic.</subfield>
  </datafield>
  <datafield tag="650" ind1=" " ind2="0">
    <subfield code="a">Muslims</subfield>
    <subfield code="v">Biography.</subfield>
  </datafield>
  <datafield tag="740" ind1="0" ind2=" ">
    <subfield code="a">Durrat la-hijāl fī ghurrat asmā' al-rijāl.</subfield>
  </datafield>
  <datafield tag="810" ind1="2" ind2=" ">
    <subfield code="a">Institut des hautes-études marocaines.</subfield>
    <subfield code="t">Collection de textes arabes ;</subfield>
    <subfield code="v">4-5.</subfield>
  </datafield>
  <datafield tag="955" ind1=" " ind2=" ">
    <subfield code="b">0315334325</subfield>
    <subfield code="d">glx</subfield>
    <subfield code="e">893.78 R112 v.4</subfield>
    <subfield code="v">v.4</subfield>
  </datafield>
</record>
</collection>